% -------- BOOKS -------- %
@book{img_analysis,
  title     = "Introduction to Medical Image Analysis",
  author    = "Rasmus R. Paulsen and Thomas B. Moeslund",
  year      = 2020,
  editor    = "Ian Mackie",
  publisher = "Springer Nature Switzerland AG",
  address   = "Gewerbestrasse 11, 6330 Cham, Switzerland"
}
@book{ML_book,
  title     = "Introduction to Machine Learning and Data Mining",
  author    = "Tue Herlau and Mikkel N. Schmidt and Morten MÃ¸rup",
  year      = 2019,
  publisher = "Technical University of Denmark",
  edition   = "1.3"
%  address   = "Gewerbestrasse 11, 6330 Cham, Switzerland"
}

% -------- CODE -------- %
%   - CPBD
%       https://pypi.org/project/cpbd/
@online{code_CPBD,
    Author = "dtk@gmx.de",
    url = "https://pypi.org/project/cpbd/",
    addendum = "(accessed: September 20, 2021)"
}
%   - Histogram frequency-based
%       https://github.com/tokenrove/blur-detection
%       https://github.com/tokenrove/blur-detection/blob/master/marichal-ma-zhang.c
@online{code_HF,
    Author = "Julian Squires (tokenrove) and Tapan Sharma (t6nand) and Saurabh Khanduja (saurabheights)",
    url = "https://github.com/tokenrove/blur-detection",
    addendum = "(accessed: September 20, 2021)"
}
%   - FM
%       https://github.com/vaugusto92/kanjar-nr-iqa
@online{code_FM,
    Author = "vaugusto92",
    url = "https://github.com/vaugusto92/kanjar-nr-iqa",
    addendum = "(accessed: September 20, 2021)"
}
%   - variance of laplacian
%       https://github.com/WillBrennan/BlurDetection2
@online{code_LV,
    Author = "Will Brennan (WillBrennan) and David Schlachter (davidschlachter)",
    url = "https://github.com/WillBrennan/BlurDetection2",
    addendum = "(accessed: October 4, 2021)"
}



% -------- ARTICLES -------- %
% (FM, 1/9)
@article{FM,
    Author = "De, K. and Masilamani",
    title = "{Image sharpness measure for blurred images in frequency domain}",
    journal = "Procedia Engineering",
    volume = "64",
    pages = "149--158",
    year = "2013"
}
% https://www.imaging.utk.edu/research/wcho/references.html (JNB, 4/9)
@article{JNB,
    Author = "Ferzli, R. and Karam, L. J.",
    title = "{A No-Reference Objective Image Sharpness Metric Based on the Notion of Just Noticeable Blur (JNB)}",
    journal = "IEEE trans-actions on image processing",
    volume = "18",
    number = "4",
    pages = "717--728",
    year = "2009"
}
% https://ivulab.asu.edu/vpqm/vpqm10/index_vpqm10.htm (CPBD, 10/9)
% https://ivulab.asu.edu/vpqm/vpqm10/Proceedings_VPQM2010/vpqm_p27.pdf
@article{CPBD,
    author = "Niranjan D. Narvekar and Lina J. Karam",
    title = "An Improved No-Reference Sharpness Metric Based on the Probability of Blur Detection",
    journal = "International Workshop on Video Processing and Quality Metrics for Consumer Electronics (VPQM)",
    year = "2010", % January
    NOTE = "(VPQM) \url{http://www.vpqm.org} and (pdf) \url{https://ivulab.asu.edu/vpqm/vpqm10/Proceedings_VPQM2010/vpqm_p27.pdf}",
    addendum = "(accessed: September 10, 2021)"
}

@article{jnbm03,
    Author = "R. Ferzli and Lina J. Karam",
    title = "{No-reference objective wavelet based noise immune image sharpness metric}",
    journal = "IEEE International Conference on Image Processing 2005",
    volume = "1",
    pages = "405--408",
    year = "2005" %August
}
@article{jnbm05,
    Author = "S. J. ERASMUS and K. C. A. SMIT",
    title = "{An automatic focusing and astigmatism correction system for the SEM and CTEM}",
    journal = "Journal of Microscopy",
    volume = "127",
    part = "2",
    pages = "185--199",
    year = "1982" %August
}
@article{jnbm06,
    author = "Christopher F. Batten",
    title = "Autofocusing and Astigmatism Correction in the Scanning Electron Microscope",
    jpurnal = "M.Phil. thesis, Univ. Cambridge, Cambridge",
    year = "2000" %August
}
@article{jnbm07,
    author = "Pina Marziliano and Frederic Dufaux and Stefan Winkler and Touradj Ebrahimi",
    title = "Perceptual blur and ringing metrics: application to JPEG2000",
    journal = "Signal Processing: Image Communication",
    volume = "19",
    year = "2004",
    pages = "163--172"
}
@article{jnbm08,
    author = "Lawrence Firestone and Kitty Cook and Kevin Culp and Neil Talsania and Kendall Preston",
    title = "Comparison of Autofocus Methods for Automated Microscopy",
    journal = "Cytometry",
    volume = "12",
    pages = "195--206",
    year = "1991"
}
@article{jnbm09,
    author = "Nien Fan Zhang and Andras E. Vladar and Michael T. Postek and Robert D. Larrabee",
    title = "A Kurtosis-based Statistical Measure for Two-dimensional Processes and Its Applications to Image Sharpness",
    journal = "National Institute of Standards and Technology, Gaithersburg, MD 20899"
}
@article{jnbm10,
    author = "Jorge Caviedes and Franco Oberti",
    title = "A new sharpness metric based on local kurtosis, edge and energy information",
    journal = "Signal Processing: Image Communication",
    volume = "19",
    year = "2004", 
    pages = "147--161"
}
@article{jnbm11,
    author = "Ng Kuang Chern and Nathaniel Poo Aun Neow and Marcelo H. Ang Jr.",
    title = "PRACTICAL ISSUES IN PIXEL-BASED AUTOFOCUSING FOR MACHINE VISION",
    journal = "Proceedings of the 2001 IEEE
International Conference on Robotics 8 Automation
Seoul, Korea",
    year = "2001", %May
    volume = "3",
    pages = "2791--2796"
}
@article{jnbm12,
    Author = "X. Marichal and W. Ma and H. J. Zhang",
    title = "{BLUR DETERMINATION IN THE COMPRESSED DOMAIN USING DCT INFORMATION}",
    journal = "Proc. IEEE Int. Conf. Image Processing",
    volume = "2",
    pages = "386--390",
    year = "1999"
}
@article{jnbm13,
    Author = "D. Shaked and I. Tastl",
    title = "{SHARPNESS MEASURE: TOWARDS AUTOMATIC IMAGE ENHANCEMENT}",
    journal = "Proc. IEEE Int. Conf. Image Processing",
    year = "2005"
}
@article{jnbm14,
    Author = "N. B. Nill and B. H. Bouzas",
    title = "{Objective image quality measure derived from digital image power spectra}",
    journal = "OPTICAL ENGINEERING",
    volume = "31",
    number = "4",
    pages = "813--825",
    year = "1992" %April
}
@article{jnbm17,
    Author = "E. Ong and W. Lin and Z. Lu and X. Yang and S. Yao and F. Pan and L. Jiang and F. Moschetti",
    title = "{A NO-REFERENCE QUALITY METRIC FOR MEASURING IMAGE BLUR}",
    journal = "\textcolor{red}{??????}",
    pages = "469--472",
    year = "2003"
}


% JPEG file format
@article{jpg,
    author = {Alain M. Leger and Takao Omachi and Gregory K. Wallace},
    title = {{JPEG still picture compression algorithm}},
    volume = {30},
    journal = {Optical Engineering},
    number = {7},
    publisher = {SPIE},
    pages = {947 -- 954},
    keywords = {visual communications, standardization, image compression, image processing, videotex photographic processes, prepress, Standards development, Image compression, Photography, Computer programming, Image quality standards, Image quality, Printing, Image processing, Quantization, Visualization},
    year = {1991},
    doi = {10.1117/12.55896},
    URL = {https://doi.org/10.1117/12.55896}
}